% Đây là file bibliography.bib.
% Mỗi tài liệu tham khảo là một khối bắt đầu bằng @type{...}
% 'type' có thể là @book, @article, @online, @inproceedings, v.v...
% Khối đầu tiên sau dấu { là 'citation key', bạn sẽ dùng nó để trích dẫn trong file .tex, ví dụ: \cite{Silberschatz2018}
% Hãy đảm bảo mỗi key là duy nhất.

@book{Silberschatz2018,
  author    = {Silberschatz, Abraham and Galvin, Peter B. and Gagne, Greg},
  title     = {Operating System Concepts},
  edition   = {10th},
  publisher = {Wiley},
  year      = {2018},
  address   = {Hoboken, NJ},
}

@book{Tanenbaum2014,
  author    = {Tanenbaum, Andrew S. and Bos, Herbert},
  title     = {Modern Operating Systems},
  edition   = {4th},
  publisher = {Pearson},
  year      = {2014},
  address   = {Upper Saddle River, NJ},
}

@online{Microsoft2023NTFS,
  author    = {{Microsoft}},
  title     = {NTFS technical reference},
  year      = {2023},
  url       = {https://docs.microsoft.com/en-us/windows-server/storage/file-server/ntfs-overview},
  urldate   = {2025-10-20},
}

@inproceedings{Mathur2007ext4,
  author    = {Mathur, Avantika and Cao, MingMing and Bhattacharya, Suparna and Dilger, Andreas and Tomas, Alex and Vivier, Laurent},
  title     = {The new ext4 filesystem: Sorry, what's old is new again},
  booktitle = {Proceedings of the Linux Symposium},
  year      = {2007},
  pages     = {21--34},
  address   = {Ottawa, Ontario, Canada},
}

% Entry cho sách Information Storage and Management
@book{EMC2012InformationStorage,
  author    = {{EMC Education Services}},
  title     = {Information Storage and Management: Storing, Managing, and Protecting Digital Information},
  edition   = {2nd},
  publisher = {Wiley},
  year      = {2012},
  address   = {Indianapolis, IN},
}

% Entry cho bài báo của Pokharel
@article{Pokharel2021,
  author    = {Pokharel, Bishwo Prakash},
  title     = {A Comparative Analysis of Disk Scheduling Algorithms},
  journal   = {International Journal for Research in Applied Sciences and Biotechnology},
  year      = {2021},
  volume    = {8},
  number    = {2},
  pages     = {184--193},
  doi       = {10.31033/ijrasb.8.2.24},
}

@online{GeeksForGeeks2025IO,
  author    = {{GeeksforGeeks}},
  title     = {I/O scheduling in Operating Systems},
  year      = {2025},
  month     = {7},
  url       = {https://www.geeksforgeeks.org/operating-systems/i-o-scheduling-in-operating-systems/},
  urldate   = {2025-10-20},
}

@online{GeeksForGeeks2025BufferCache,
  author    = {{GeeksforGeeks}},
  title     = {Difference Between Buffering and Caching in OS},
  year      = {2025},
  month     = {7},
  url       = {https://www.geeksforgeeks.org/operating-systems/difference-between-buffering-and-caching-in-os/},
  urldate   = {2025-10-20},
}

@online{LibreTextsJournaling,
  author    = {{LibreTexts}},
  title     = {4.04: Journaling File Systems},
  year      = {2024}, 
  url       = {https://eng.libretexts.org/Bookshelves/Computer_Science/Operating_Systems/Linux_-_The_Penguin_Marches_On_(McClanahan)/04%3A_Managing_Linux_Storage/4.04_Journaling_File_Systems},
  urldate   = {2025-10-20},
  note      = {Adapted from "Journaling file system" by Multiple Contributors, Wikipedia},
}

@online{LinuxJournalInode,
  author    = {{LinuxJournal}},
  title     = {Understanding Linux Filesystems: Inodes, Block Sizes, and Data Structures},
  year      = {2023}, 
  url       = {https://www.linuxjournal.com/content/understanding-linux-filesystems-inodes-block-sizes-and-data-structures},
  urldate   = {2025-10-20},
}
@inproceedings{Dhjaku2019,
  author    = {Dhjaku, Valbona and Xoxa, Nevila and Bame, Albion and Tafa, Igli},
  title     = {Comparing NTFS File System with ETX4 File System},
  booktitle = {Proceedings of the 8th International Conference on Information Systems and Technology Innovations},
  year      = {2019},
  note      = {Published in CEUR Workshop Proceedings (Vol-2280)},
}

@article{Bundele2018,
  author    = {Bundele, Akash and Yedey, S. E.},
  title     = {Comparative study of File systems (NTFS, FAT, FAT32, EXT2, EXT3, EXT4)},
  journal   = {International Journal for Research in Applied Science \& Engineering Technology (IJRASET)},
  year      = {2018},
  volume    = {6},
  number    = {VIII},
  pages     = {183--185},
  issn      = {2321-9653},
}

% Giả định citation cho bài báo của Cunningham, 2024
@mastersthesis{Cunningham2024,
  author  = {Cunningham, Nicholas A.},
  title   = {A Further Performance Comparison of Operations in the File System and in Embedded Key-Value Databases},
  school  = {Southern Adventist University},
  year    = {2024},
  address = {Collegedale, TN},
}
@article{IRJMETS2021,
  author    = {Rahman, Shaik Haseeb Ur and Siddiqua, Ayesha},
  title     = {Hybrid Indexed and Linked List File Allocation System},
  journal   = {International Research Journal of Modernization in Engineering Technology and Science},
  year      = {2021},
  volume    = {03},
  number    = {06},
  pages     = {518--521},
  month     = {June},
}

@online{Fiveable2025,
  author    = {{Fiveable Content Team}},
  title     = {4.3 File allocation methods},
  year      = {2025},
  month     = {September},
  url       = {https://library.fiveable.me/operating-systems/unit-4/file-allocation-methods/study-guide/MRKAsPCMeYPvbwdO},
  urldate   = {2025-10-20},
}

@article{IRJMETS2021,
  author    = {Rahman, Shaik Haseeb Ur and Siddiqua, Ayesha},
  title     = {Hybrid Indexed and Linked List File Allocation System},
  journal   = {International Research Journal of Modernization in Engineering Technology and Science},
  year      = {2021},
  volume    = {03},
  number    = {06},
  pages     = {518--521},
  month     = {June},
}

@online{Fiveable2025,
  author    = {{Fiveable Content Team}},
  title     = {4.3 File allocation methods},
  year      = {2025},
  month     = {September},
  url       = {https://library.fiveable.me/operating-systems/unit-4/file-allocation-methods/study-guide/MRKAsPCMeYPvbwdO},
  urldate   = {2025-10-20},
}
@online{GeeksForGeeks2025IO,
  author    = {{GeeksforGeeks}},
  title     = {I/O scheduling in Operating Systems},
  year      = {2025},
  month     = {July},
  url       = {https://www.geeksforgeeks.org/operating-systems/i-o-scheduling-in-operating-systems/},
  urldate   = {2025-10-20},
}

@online{GeeksForGeeks2025BufferCache,
  author    = {{GeeksforGeeks}},
  title     = {Difference Between Buffering and Caching in OS},
  year      = {2025},
  month     = {July},
  url       = {https://www.geeksforgeeks.org/operating-systems/difference-between-buffering-and-caching-in-os/},
  urldate   = {2025-10-20},
}

@online{LibreTextsJournaling,
  author    = {{LibreTexts}},
  title     = {4.04: Journaling File Systems},
  year      = {2024}, % Giả định năm
  url       = {https://eng.libretexts.org/Bookshelves/Computer_Science/Operating_Systems/Linux_-_The_Penguin_Marches_On_(McClanahan)/04%3A_Managing_Linux_Storage/4.04_Journaling_File_Systems},
  urldate   = {2025-10-20},
  note      = {Adapted from "Journaling file system" by Multiple Contributors, Wikipedia},
}

@inproceedings{Prabhakaran2005journaling,
  author    = {Prabhakaran, Vijayan and Arpaci-Dusseau, Andrea C. and Arpaci-Dusseau, Remzi H.},
  title     = {Analysis and Evolution of Journaling File Systems},
  booktitle = {Proceedings of the 2005 USENIX Annual Technical Conference},
  year      = {2005},
  pages     = {105--120},
  address   = {Anaheim, CA},
}

@online{Jones2008Anatomy,
  author    = {Jones, M. Tim},
  title     = {Anatomy of Linux journaling file systems},
  year      = {2008},
  month     = {June},
  url       = {https://www.ibm.com/developerworks/library/l-journaling-filesystems/index.html},
  urldate   = {2025-10-20},
  note      = {IBM developerWorks},
}

@article{Shafiei2012,
  author    = {Shafiei, Behzad Mahjour and Iranmanesh, Farshid and Iranmanesh, Fariborz},
  title     = {Review NTFS Basics},
  journal   = {Australian Journal of Basic and Applied Sciences},
  year      = {2012},
  volume    = {6},
  number    = {7},
  pages     = {325--338},
}

@online{MicrosoftVSS,
  author    = {{Microsoft}},
  title     = {Volume Shadow Copy Service (VSS)},
  year      = {2025},
  month     = {July},
  url       = {https://learn.microsoft.com/en-us/windows-server/storage/file-server/volume-shadow-copy-service},
  urldate   = {2025-10-20},
}

@online{SettingAccessControlLists,
  author    = {{Microsoft}},
  title     = {How Access Control Works in Windows: Access Control Lists},
  year      = {2023},
  url       = {https://learn.microsoft.com/en-us/windows/win32/secauthz/access-control-lists},
  urldate   = {2025-10-20},
}

@online{WafaTech2025EFS,
  author    = {{WafaTech}},
  title     = {Understanding File System Encryption: Leveraging EFS on Windows Server},
  year      = {2025},
  month     = {May},
  url       = {https://wafatech.sa/blog/windows-server/windows-security/understanding-file-system-encryption-leveraging-efs-on-windows-server/},
  urldate   = {2025-10-20},
}

@inproceedings{Allison1998,
  author    = {Allison, Bridget and Hawley, Rob and Borr, Andrea and Muhlestein, Mark and Hitz, Dave},
  title     = {File System Security: Secure Network Data Sharing for NT and UNIX},
  booktitle = {Proceedings of the Large Installation System Administration of Windows NT Conference},
  year      = {1998},
  address   = {Seattle, Washington},
  publisher = {USENIX Association},
}

@misc{HarvardCS161Journaling,
    author = {{CS 161 Staff}},
    title = {Journaling},
    howpublished = {Lecture Slides, CS 161},
    institution = {Harvard University},
    year = {2017},
    note = {Lecture 14, April 4, 2017},
}

@misc{CIRCL2023,
    author = {{CIRCL}},
    title = {Resident Data on NTFS File Systems},
    howpublished = {Presentation Slides},
    institution = {Computer Incident Response Center Luxembourg},
    year = {2023},
    note = {CyberDay, October 10-12, 2023},
}

@article{Shafiei2012,
  author    = {Shafiei, Behzad Mahjour and Iranmanesh, Farshid and Iranmanesh, Fariborz},
  title     = {Review NTFS Basics},
  journal   = {Australian Journal of Basic and Applied Sciences},
  year      = {2012},
  volume    = {6},
  number    = {7},
  pages     = {325--338},
}

@online{MicrosoftVSS,
  author    = {{Microsoft}},
  title     = {Volume Shadow Copy Service (VSS)},
  year      = {2025},
  month     = {July},
  url       = {https://learn.microsoft.com/en-us/windows-server/storage/file-server/volume-shadow-copy-service},
  urldate   = {2025-10-20},
}

@online{WafaTech2025EFS,
  author    = {{WafaTech}},
  title     = {Understanding File System Encryption: Leveraging EFS on Windows Server},
  year      = {2025},
  month     = {May},
  url       = {https://wafatech.sa/blog/windows-server/windows-security/understanding-file-system-encryption-leveraging-efs-on-windows-server/},
  urldate   = {2025-10-20},
}

@inproceedings{Allison1998,
  author    = {Allison, Bridget and Hawley, Rob and Borr, Andrea and Muhlestein, Mark and Hitz, Dave},
  title     = {File System Security: Secure Network Data Sharing for NT and UNIX},
  booktitle = {Proceedings of the Large Installation System Administration of Windows NT Conference},
  year      = {1998},
  address   = {Seattle, Washington},
  publisher = {USENIX Association},
}

@misc{HarvardCS161Journaling,
    author = {{CS 161 Staff}},
    title = {Journaling},
    howpublished = {Lecture Slides, CS 161},
    institution = {Harvard University},
    year = {2017},
    note = {Lecture 14, April 4, 2017},
}

@misc{CIRCL2023,
    author = {{CIRCL}},
    title = {Resident Data on NTFS File Systems},
    howpublished = {Presentation Slides},
    institution = {Computer Incident Response Center Luxembourg},
    year = {2023},
    note = {CyberDay, October 10-12, 2023},
}


@techreport{Viking2017AN0035,
  author      = {{Viking Technology}},
  title       = {{SSD Write Amplification}},
  institution = {Viking Technology},
  year        = {2017},
  number      = {AN0035, Rev. A},
  month       = {November},
}

@inproceedings{Lu2013Extending,
  author    = {Lu, Youyou and Shu, Jiwu and Zheng, Weimin},
  title     = {Extending the Lifetime of Flash-based Storage through Reducing Write Amplification from File Systems},
  booktitle = {Proceedings of the 11th USENIX Conference on File and Storage Technologies (FAST '13)},
  year      = {2013},
  address   = {San Jose, CA},
  publisher = {USENIX Association},
}

@inproceedings{Yeon2018RFLUSH,
  author    = {Yeon, Jeseong and Jeong, Minseong and Lee, Sungjin and Lee, Eunji},
  title     = {{RFLUSH: Rethink the Flush}},
  booktitle = {Proceedings of the 16th USENIX Conference on File and Storage Technologies (FAST '18)},
  year      = {2018},
  address   = {Oakland, CA},
  publisher = {USENIX Association},
}

@online{Microsoft2025ReFS,
  author    = {{Microsoft}},
  title     = {Resilient File System (ReFS) overview},
  year      = {2025},
  url       = {https://learn.microsoft.com/en-us/windows-server/storage/refs/refs-overview},
  urldate   = {2025-10-22},
}

@online{Nfina2025BtrfsZFS,
  author    = {Nicholson, David},
  title     = {BTRFS vs ZFS: Key Differences for Optimal Storage Solutions},
  year      = {2025},
  month     = {August},
  organization = {Nfina},
  url       = {https://nfina.com/btrf-vs-zfs/},
  urldate   = {2025-10-22},
}

@misc{KansalDiskScheduling,
  author       = {Kansal, Garima},
  title        = {Disk Scheduling Algorithms},
  howpublished = {GeeksforGeeks},
  year         = {2023},
  month        = {Oct},
  url          = {https://www.geeksforgeeks.org/disk-scheduling-algorithms/},
  urldate      = {2025-10-22}
}

% Thêm các tài liệu tham khảo khác của bạn vào đây với định dạng tương tự.